@article{brewer_towards_2000,
  title  = {Towards Robust Distributed Systems},
  author = {Brewer, Dr Eric A},
  date   = {2000},
  langid = {english}
}

@online{solid_it_gmbh_db-engines_2023,
  title      = {{DB}-Engines Ranking},
  url        = {https://db-engines.com/en/ranking},
  abstract   = {Popularity ranking of database management systems.},
  titleaddon = {{DB}-Engines},
  author     = {{solid IT GmbH}},
  urldate    = {2023-03-28},
  date       = {2023-03-28},
  langid     = {english}
}

